<record><leader>00000cas a22000007a 4500</leader><controlfield tag="001">11628004</controlfield><controlfield tag="008">850128d18741918mduwr ne      0    0eng d</controlfield><datafield ind1=" " ind2=" " tag="010"><subfield code="a">sn 85025288 </subfield></datafield><datafield ind1=" " ind2=" " tag="040"><subfield code="a">NPX</subfield><subfield code="b">eng</subfield><subfield code="c">NPX</subfield><subfield code="d">MFN</subfield><subfield code="d">OCLCQ</subfield></datafield><datafield ind1=" " ind2=" " tag="042"><subfield code="a">msc</subfield></datafield><datafield ind1="0" ind2="0" tag="245"><subfield code="a">Easton ledger.</subfield></datafield><datafield ind1=" " ind2=" " tag="260"><subfield code="a">Easton, Md. :</subfield><subfield code="b">Julius A. Johnson</subfield></datafield><datafield ind1=" " ind2=" " tag="300"><subfield code="a">v.</subfield></datafield><datafield ind1=" " ind2=" " tag="310"><subfield code="a">Weekly</subfield></datafield><datafield ind1="0" ind2=" " tag="362"><subfield code="a">Vol. 1, no. 1 (Oct. 15, 1874)-v. 1, no. 15 (Jan. 21, 1875) ; New ser., v. 1, no. 16 (Jan. 28, 1875)-new ser., v. 1, no. 33 (May 27, 1875) = Old ser., v. 12, no. 23-old ser., v. 12, no. 40 ; Ledger ser., v. 1, no. 34 (June 3, 1875)-ledger ser., v. 7, no. 15 (Jan. 20, 1881) = Journal ser., v. 12, no. 41-journal ser., v. 19, no. 22 ; vol. 7, no. 16 (Jan. 27, 1881)-</subfield></datafield><datafield ind1="1" ind2=" " tag="362"><subfield code="a">Ceased in 1918?</subfield></datafield><datafield ind1=" " ind2=" " tag="752"><subfield code="a">United States</subfield><subfield code="b">Maryland</subfield><subfield code="c">Talbot</subfield><subfield code="d">Easton.</subfield></datafield><datafield ind1="0" ind2="0" tag="780"><subfield code="t">Easton journal (Easton, Md. : 1863)</subfield><subfield code="w">(DLC)sn 84026704</subfield></datafield></record>